@article{schueller2022,
	title = {Evolving collaboration, dependencies, and use in the Rust Open Source Software ecosystem},
	author = {Schueller, William and Wachs, Johannes and Servedio, Vito D. P. and Thurner, Stefan and Loreto, Vittorio},
	year = {2022},
	month = {11},
	date = {2022-11-16},
	journal = {Scientific Data},
	pages = {703},
	volume = {9},
	number = {1},
	doi = {10.1038/s41597-022-01819-z},
	url = {https://www.nature.com/articles/s41597-022-01819-z},
	note = {Publisher: Nature Publishing Group},
	langid = {en}
}
@article{goldbeck2025bit,
  title={Bit by bit: colocation and the death of distance in software developer networks},
  author={Goldbeck, Moritz},
  journal={Journal of Economic Geography},
  pages={lbaf002},
  year={2025},
  publisher={Oxford University Press}
}